<record><leader>00000cas a2200000 a 4500</leader><controlfield tag="001">17274267</controlfield><controlfield tag="008">871221d18751876idudn ne      0   a0eng c</controlfield><datafield ind1=" " ind2=" " tag="010"><subfield code="a">sn 87082666 </subfield></datafield><datafield ind1=" " ind2=" " tag="040"><subfield code="a">NPV</subfield><subfield code="b">eng</subfield><subfield code="c">NPV</subfield><subfield code="d">NVB</subfield><subfield code="d">CNK</subfield><subfield code="d">OCLCQ</subfield><subfield code="d">CUI</subfield><subfield code="d">OCLCQ</subfield><subfield code="d">OCLCF</subfield><subfield code="d">DLC</subfield></datafield><datafield ind1=" " ind2=" " tag="012"><subfield code="l">a</subfield></datafield><datafield ind1="0" ind2=" " tag="022"><subfield code="a">2575-2618</subfield><subfield code="2">1</subfield></datafield><datafield ind1=" " ind2=" " tag="042"><subfield code="a">pcc</subfield><subfield code="a">nsdp</subfield></datafield><datafield ind1=" " ind2=" " tag="043"><subfield code="a">n-us-id</subfield></datafield><datafield ind1="1" ind2="0" tag="050"><subfield code="a">ISSN RECORD</subfield></datafield><datafield ind1=" " ind2="4" tag="050"><subfield code="a">AN</subfield></datafield><datafield ind1="1" ind2="0" tag="082"><subfield code="a">070</subfield><subfield code="2">23</subfield></datafield><datafield ind1=" " ind2="4" tag="222"><subfield code="a">The Idaho daily avalanche</subfield></datafield><datafield ind1="0" ind2="4" tag="245"><subfield code="a">The Idaho daily avalanche.</subfield></datafield><datafield ind1="1" ind2="3" tag="246"><subfield code="a">Daily avalanche</subfield></datafield><datafield ind1=" " ind2=" " tag="260"><subfield code="a">Silver City, Idaho :</subfield><subfield code="b">W.J. Hill</subfield></datafield><datafield ind1=" " ind2=" " tag="300"><subfield code="a">v.</subfield></datafield><datafield ind1=" " ind2=" " tag="310"><subfield code="a">Daily (except Sun.)</subfield></datafield><datafield ind1="0" ind2=" " tag="362"><subfield code="a">Vol. 2, no. 114 (Sept. 6, 1875)-v. 3, no. 161 (Apr. 26, 1876).</subfield></datafield><datafield ind1=" " ind2=" " tag="500"><subfield code="a">Published as: The Daily avalanche, Oct. 8-13, 1875.</subfield></datafield><datafield ind1=" " ind2="0" tag="651"><subfield code="a">Silver City (Idaho)</subfield><subfield code="v">Newspapers.</subfield></datafield><datafield ind1=" " ind2="0" tag="651"><subfield code="a">Owyhee County (Idaho)</subfield><subfield code="v">Newspapers.</subfield></datafield><datafield ind1=" " ind2="7" tag="651"><subfield code="a">Idaho</subfield><subfield code="z">Owyhee County.</subfield><subfield code="2">fast</subfield><subfield code="0">(OCoLC)fst01216929</subfield></datafield><datafield ind1=" " ind2="7" tag="651"><subfield code="a">Idaho</subfield><subfield code="z">Silver City.</subfield><subfield code="2">fast</subfield><subfield code="0">(OCoLC)fst01222852</subfield></datafield><datafield ind1=" " ind2="7" tag="655"><subfield code="a">Newspapers.</subfield><subfield code="2">fast</subfield><subfield code="0">(OCoLC)fst01423814</subfield></datafield><datafield ind1=" " ind2=" " tag="752"><subfield code="a">United States</subfield><subfield code="b">Idaho</subfield><subfield code="c">Owyhee</subfield><subfield code="d">Silver City.</subfield></datafield><datafield ind1="0" ind2=" " tag="775"><subfield code="t">Idaho weekly avalanche</subfield><subfield code="w">(DLC)sn 84022134</subfield><subfield code="w">(OCoLC)10312161</subfield></datafield><datafield ind1="0" ind2="8" tag="776"><subfield code="i">Online version:</subfield><subfield code="t">Idaho Daily Avalanche</subfield><subfield code="w">(OCoLC)192107314</subfield></datafield><datafield ind1="0" ind2="0" tag="780"><subfield code="t">Owyhee daily avalanche</subfield><subfield code="w">(DLC)sn 87082665</subfield><subfield code="w">(OCoLC)17274200</subfield></datafield><datafield ind1="4" ind2="1" tag="856"><subfield code="u">http://gale.cengage.com/usnewspapers/</subfield><subfield code="z">Available to subscribing institutions</subfield></datafield><datafield ind1="4" ind2="1" tag="856"><subfield code="u">http://proxy.library.cpp.edu/login?url=http://infotrac.galegroup.com/itw/infomark/1/1/1/purl=rc18_NCNP_0__Idaho%20Daily%20Avalanche%20(Silver%20City,%20ID)?sw_aep=los53368</subfield><subfield code="z">View this publication's electronic version</subfield></datafield><datafield ind1="1" ind2=" " tag="029"><subfield code="a">AU@</subfield><subfield code="b">000025819206</subfield></datafield></record>